@article{zhang17,
  title={Time series data cleaning: From anomaly detection to anomaly repairing},
  author={Zhang, Aoqian and Song, Shaoxu and Wang, Jianmin and Yu, Philip S},
  journal={Proceedings of the VLDB Endowment},
  volume={10},
  number={10},
  pages={1046--1057},
  year={2017},
  publisher={VLDB Endowment}
}

@online{Shaoxu17,
    author = {},
    title = {Shaoxu Song - Tsinghua University},
    year = ,
    url = {http://ise.thss.tsinghua.edu.cn/sxsong/},
    urldate = {2019-09-13}
}
